@article{bauer2004paranoid,
  title={Paranoid Penguinâ€”Secure Anonymous FTP with vsftpd},
  author={Bauer, Mick},
  journal={LINUX{\textregistered} Journal, Jul},
  volume={1},
  year={2004}
}

@book{topley2010javafx,
	title={JavaFX Developer's Guide},
	author={Copyright, Kim},
	year={2010},
	publisher={Pearson Education}
}

@book{JFoenix,
	title={JFoenix Developer's Guide},
	author={Copyright, JFoenix},
	url = {http://www.jfoenix.com}
	year={2015},
	publisher={JFoenix Copyright}
}
Apache Commons Net 3.6
@book{FontAwesomeFX,
	title={Introducing: FontAwesomeFX 8.1},
	author={JAVAFX DELIGHT},
	url = {http://www.jensd.de/wordpress/?p=1933}
	year={2015},
	publisher={JAVAFX DELIGHT Copyright}
}

@book{Apache,
	title={Apache Commons Net 3.6},
	author={Apache},
	url = {https://commons.apache.org/}
	year={2015},
	publisher={Apache Commons Copyright}
}

@article{rocha2001qualidade,
	title={Qualidade de software},
	author={Rocha, Ana Regina Cavalcante da and Maldonado, Jos{\'e} Carlos and Weber, Kival Chaves},
	journal={S{\~a}o Paulo: a Pretince Hall},
	year={2001}
}
