
@misc{socket,
	author = {Caelum},
	title = {{Apêndice - Sockets}},
	howpublished = "\url{https://www.caelum.com.br/apostila-java-orientacao-objetos/apendice-sockets/}",
	year = {2017}, 
	note = "[Online; acesso em 18-Outubro-2017]"
}

@misc{conc,
	author = {Caelum},
	title = {{Apêndice - Problemas com concorrência}},
	howpublished = "\url{https://www.caelum.com.br/apostila-java-orientacao-objetos/apendice-problemas-com-concorrencia/}",
	year = {2017}, 
	note = "[Online; acesso em 20-Outubro-2017]"
}
@misc{entf,
	author = {Enttry Software},
	title = {{Pool de impressão – você sabe sua finalidade?}},
	howpublished = "\url{http://www.devmedia.com.br/java-sockets-criando-comunicacoes-em-java/9465}",
	year = {2017}, 
	note = "[Online; acesso em 22-Outubro-2017]"
}

@misc{devms,
	author = {DevMedia},
	title = {{Java Sockets: Criando comunicações em Java}},
	howpublished = "\url{https://www.enttry.com.br/noticias/detalhe/pool-de-impressao--voce-sabe-sua-finalidade}",
	year = {2017}, 
	note = "[Online; acesso em 22-Outubro-2017]"
}

