@misc{correiosapp,
	author = {CORREIOS},
	title = {{Sistema de Gerenciamento de Postagem dos Correios}},
	howpublished = "\url{http://www.corporativo.correios.com.br/encomendas/sigepweb/doc/Manual_de_Implementacao_do_Web_Service_SIGEP_WEB.pdf}",
	year = {2017}, 
	note = "[Online; acesso em 05-Outubro-2017]"
}
@misc{webservece,
	author = {SOAWebServices.},
	title = {{Como funcionam os WebServices}},
	howpublished = "\url{http://www.soawebservices.com.br/como-funciona.aspx}",
	year = {2012}, 
	note = "[Online; acesso em 05-Outubro-2017]"
}


@misc{nodejs,
	author = {NodeJs},
	title = {{Documentação de referência da API}},
	howpublished = "\url{https://nodejs.org/en/docs/}",
	year = {2017}, 
	note = "[Online; acesso em 02-Outubro-2017]"
}

@misc{expressjs,
	author = {ExpressJs},
	title = {{Documentação de referência da API}},
	howpublished = "\url{http://expressjs.com/pt-br/4x/api.html}",
	year = {2017}, 
	note = "[Online; acesso em 05-Outubro-2017]"
}

@misc{tutorial,
	author = {Tutorial Spoint},
	title = {{Web Services - Examples}},
	howpublished = "\url{www.tutorialspoint.com/webservices/web_services_examples.htm}",
	year = {2017}, 
	note = "[Online; acesso em 05-Outubro-2017]"
}
@misc{correios,
	author = {Correios},
	title = {{Web Service de Rastreamento}},
	howpublished = "\url{https://www.correios.com.br/para-voce/correios-de-a-a-z/pdf/rastreamento-de-objetos/manual_rastreamentoobjetosws.pdf}",
	year = {2017}, 
	note = "[Online; acesso em 05-Outubro-2017]"
}
